
@misc{google_authenticating_2017,
	title = {Authenticating to a {Cloud} {API} {Service} {\textbar} {Google} {Cloud} {Speech} {API} {Documentation}},
	url = {https://cloud.google.com/speech/docs/common/auth},
	abstract = {API Documentation for the authentication proccess clients have to follow in order to authenticate at the google cloud},
	urldate = {2017-04-15},
	journal = {Google Cloud Platform},
	author = {{Google}},
	file = {Snapshot:files/50/auth.html:text/html}
}

@misc{google_package_2017,
	title = {Package google.cloud.speech.v1beta1 {\textbar} {Google} {Cloud} {Speech} {API}},
	url = {https://cloud.google.com/speech/reference/rpc/google.cloud.speech.v1beta1},
	abstract = {Documentation of the google.cloud.speech,v1beta1 library, which contains the functions for a client to use in order to make use of the remote procedure protocol access to the Google Cloud Speech API},
	urldate = {2017-04-15},
	journal = {Google Cloud Platform},
	author = {{Google}},
	file = {Snapshot:files/48/google.cloud.speech.html:text/html}
}

@misc{google_apis_2017,
	title = {{APIs} \& {Reference} {\textbar} {Google} {Cloud} {Speech} {API} {Documentation}},
	url = {https://cloud.google.com/speech/docs/apis},
	abstract = {API Documentation for the Google Cloud Speech API, which enables a client to convert speech to text},
	urldate = {2017-04-15},
	journal = {Google Cloud Platform},
	author = {{Google}},
	file = {Snapshot:files/46/apis.html:text/html}
}
