@book{leonhardt_einfuhrung_2010,
	title = {Einführung in die Hörgeschädigtenpädagogik},
	isbn = {978-3-8252-2104-1},
	abstract = {Dieses verständlich geschriebene Lehrbuch liegt nun in der dritten, überarbeiteten Auflage vor. Es bietet einen grundlegenden und systematischen Über blick über die Aufgaben und Ziele der Hörgeschädigtenpädagogik, die Arten von Hörschäden und deren Auswirkungen sowie Diagnostik und Fördermöglichkeiten. Berücksichtigt werden auch Erkenntnisse aus der Cochlea-Implantat-Versorgung, der Sprachentwicklungsforschung und der Hörphysiologie. Der didaktische Aufbau, die Übungsaufgaben mit Lösungshinweisen und das Glossar sowie ausführliche Fallbeispiele erleichtern das Einarbeiten in den Gegenstand und die Fragen der Hörgeschädigtenpädagogik.},
	pagetotal = {320},
	publisher = {{UTB}},
	author = {Leonhardt, Annette},
	date = {2010-09-15},
	langid = {german},
	note = {Google-Books-{ID}: 7xLAPQAACAAJ},
	keywords = {Education / Special Education / General}
}

@book{buck_radiologie_2013,
	title = {Radiologie Träger des Fortschritts: Festschrift für Friedrich H.W. Heuck},
	isbn = {978-3-642-80128-0},
	shorttitle = {Radiologie Träger des Fortschritts},
	abstract = {Friedrich H.W. Heuck trat 1972 in die Redaktion des 1957 gegrtindeten Handbuchs der Medjzinischen Radiologie des Springer-Verlags ein - {geƯ} meinsam mit dem viel zu {frUh} verstorbenen Klaus Ranniger. Er hat die Fortfiihrung dieses Handbuches in def Reihe Medical Radiology - {DiaƯ} gnostic Imaging and Radiation Oncology von 1982 an energisch gefordert {UDd} mich dariiber hinaus bei meinen Bemiihungen urn den Ausbau dec Veroffentlichungen aus dem Gesamtgebiet dec Medizinischen Radiologie in unserem Verlage tatkraftig unterstiitzt. Es ist hier nieht dec Ort, aile einschlagigen Publikationen aufzuzahle.},
	pagetotal = {280},
	publisher = {Springer-Verlag},
	author = {Buck, Jürgen},
	date = {2013-03-07},
	langid = {german},
	note = {Google-Books-{ID}: {mjOmBgAAQBAJ}},
	keywords = {Medical / Allied Health Services / Imaging Technologies, Medical / Biochemistry, Medical / Clinical Medicine}
}

@book{kipper_augmented_2012,
	title = {Augmented Reality: An Emerging Technologies Guide to {AR}},
	isbn = {978-1-59749-734-3},
	shorttitle = {Augmented Reality},
	abstract = {With the explosive growth in mobile phone usage and rapid rise in search engine technologies over the last decade, augmented reality ({AR}) is poised to be one of this decade's most disruptive technologies, as the information that is constantly flowing around us is brought into view, in real-time, through augmented reality. In this cutting-edge book, the authors outline and discuss never-before-published information about augmented reality and its capabilities. With coverage of mobile, desktop, developers, security, challenges, and gaming, this book gives you a comprehensive understanding of what augmented reality is, what it can do, what is in store for the future and most importantly: how to benefit from using {AR} in our lives and careers.Educates readers how best to use augmented reality regardless of {industryProvides} an in-depth understanding of {AR} and ideas ranging from new business applications to new crime fighting methods Includes actual examples and case studies from both private and government application},
	pagetotal = {177},
	publisher = {Elsevier},
	author = {Kipper, Greg and Rampolla, Joseph},
	date = {2012-12-31},
	langid = {english},
	note = {Google-Books-{ID}: {OyGiW}2OYI8AC},
	keywords = {Computers / Computer Graphics, Computers / Security / General, Computers / Virtual Worlds}
}

@online{sterbefaellelebenserwartung_lebenserw_deutschl.png_2017,
	title = {{SterbefaelleLebenserwartung}\_Lebenserw\_Deutschl.png (600×625)},
	url = {https://www.destatis.de/DE/ZahlenFakten/GesellschaftStaat/Bevoelkerung/_Grafik/SterbefaelleLebenserwartung_Lebenserw_Deutschl.png?__blob=poster},
	urldate = {2017-04-02},
	file = {SterbefaelleLebenserwartung_Lebenserw_Deutschl.png (600×625):C\:\\Users\\Andi\\AppData\\Roaming\\Zotero\\Zotero\\Profiles\\ubz21k41.default\\zotero\\storage\\GC73RPFV\\SterbefaelleLebenserwartung_Lebenserw_Deutschl.html:text/html}
}

@online{staat_2017,
	title = {Staat \& Gesellschaft - Sterbefälle - Statistisches Bundesamt (Destatis)},
	url = {https://www.destatis.de/DE/ZahlenFakten/GesellschaftStaat/Bevoelkerung/Sterbefaelle/Sterbefaelle.html},
	urldate = {2017-04-02},
	file = {Staat & Gesellschaft - Sterbefälle - Statistisches Bundesamt (Destatis):C\:\\Users\\Andi\\AppData\\Roaming\\Zotero\\Zotero\\Profiles\\ubz21k41.default\\zotero\\storage\\PHK8KA29\\Sterbefaelle.html:text/html}
}