@techreport{glassup_devguide_2015,
	title = {{GlassUp} {Developer} {Guide}-{Android}.pdf},
	url = {https://github.com/GlassUp/Sdk/blob/master/Docs/GlassUp%20Developer%20Guide-Android.pdf},
	language = {English},
	author = {GlassUp},
	month = mar,
	year = {2015}
}


@misc{glassup_home_2017,
	title = {{Home} {GlassUp}},
	url = {http://www.glassup.net/en/},
	abstract = {Official homepage of the GlassUp company},
	urldate = {2017-04-06},
	author = {{glassup.net}}
}

@misc{glassup_faq_2017,
	title = {{FAQ} {GlassUp}},
	url = {http://www.glassup.net/en/faq/},
	abstract = {General questions regarding the GlassUp AR device are answered by the GlassUp company on this page},
	urldate = {2017-04-06},
	author = {{glassup.net}},
}

@misc{google_glassescamera_2017,
	title = {{Google} {Glass} {Camera}},
	url = {https://developers.google.com/glass/develop/gdk/camera},
	abstract = {Information about the built in camera of Google Glass},
	urldate = {2017-04-09},
	author = {{google.com}}
}

@misc{glassup_sdk_2017,
	title = {{GlassUp} {Sdk}},
	url = {https://github.com/GlassUp/Sdk},
	abstract = {GitHub repository of the GlassUp Software Development Kit (SDK)},
	urldate = {2017-04-04},
author = {{glassup.net}}
}

@misc{glassup_emulator_2017,
	title = {{GlassUp} {Emulator}},
	url = {https://github.com/GlassUp/Sdk/tree/master/Emulators},
	abstract = {GlassUp Augmented Reality Glass Emulator},
	urldate = {2017-04-04},
author = {{glassup.net}}
}

@techreport{android_services_2017,
	title = {Services in {Android}},
	url = {https://developer.android.com/guide/components/services.html},
	abstract = {Article about how to start services in Android using intents},
	urldate = {2017-04-09},
	author = {{android.com}}
}

@techreport{android_intents_2017,
	title = {Intents and {Intent} {Filters}},
	url = {https://developer.android.com/guide/components/intents-filters.html},
	abstract = {Article about intent objects in Android systems},
	urldate = {2017-04-09},
	author = {{android.com}}
}
